@misc{StefanoR21:online,
	author = {Universit√† di Bologna},
	title = {Stefano Rizzi - Insegnamenti 2021-2022},
	howpublished = {\url{https://www.unibo.it/sitoweb/stefano.rizzi/didattica}},
	month = {},
	year = {},
	note = {(Accessed on 06/02/2022)}
}
